<record><leader>00000cas a22000007a 4500</leader><controlfield tag="001">4127164</controlfield><controlfield tag="008">780810c19629999mduwr n       0   a0eng d</controlfield><datafield ind1=" " ind2=" " tag="010"><subfield code="a">sn 78006231 </subfield></datafield><datafield ind1=" " ind2=" " tag="040"><subfield code="a">HUL</subfield><subfield code="b">eng</subfield><subfield code="c">HUL</subfield><subfield code="d">NSD</subfield><subfield code="d">MFN</subfield><subfield code="d">NSD</subfield><subfield code="d">OCL</subfield><subfield code="d">OCLCQ</subfield><subfield code="d">AGL</subfield><subfield code="d">OCLCF</subfield><subfield code="d">OCLCO</subfield></datafield><datafield ind1=" " ind2=" " tag="012"><subfield code="j">0</subfield><subfield code="k">1</subfield><subfield code="m">1</subfield></datafield><datafield ind1="0" ind2=" " tag="022"><subfield code="a">0048-0215</subfield><subfield code="l">0048-0215</subfield><subfield code="2">1</subfield></datafield><datafield ind1=" " ind2=" " tag="032"><subfield code="a">443440</subfield><subfield code="b">USPS</subfield></datafield><datafield ind1=" " ind2=" " tag="042"><subfield code="a">nsdp</subfield></datafield><datafield ind1="0" ind2=" " tag="070"><subfield code="a">6</subfield><subfield code="b">P92</subfield></datafield><datafield ind1="0" ind2=" " tag="130"><subfield code="a">News &amp; farmer (Preston, Md.)</subfield></datafield><datafield ind1="0" ind2=" " tag="210"><subfield code="a">News farmer</subfield></datafield><datafield ind1=" " ind2="0" tag="222"><subfield code="a">News &amp; farmer</subfield></datafield><datafield ind1="0" ind2="0" tag="245"><subfield code="a">News &amp; farmer.</subfield></datafield><datafield ind1="3" ind2=" " tag="246"><subfield code="a">Shore news and farmer</subfield></datafield><datafield ind1="0" ind2="0" tag="246"><subfield code="a">News and farmer</subfield></datafield><datafield ind1="0" ind2="0" tag="246"><subfield code="a">Shore news &amp; farmer</subfield></datafield><datafield ind1=" " ind2=" " tag="260"><subfield code="a">Preston, Md. :</subfield><subfield code="b">Caroline Pub. Co.,</subfield></datafield><datafield ind1=" " ind2=" " tag="300"><subfield code="a">v.</subfield></datafield><datafield ind1=" " ind2=" " tag="310"><subfield code="a">Weekly</subfield></datafield><datafield ind1="0" ind2=" " tag="362"><subfield code="a">Vol. 27, no. 26 (Feb. 8, 1962)-v. 51, no. 48 (May 25, 1989) ; 123rd year, no. 41 (June 1, 1989)-</subfield></datafield><datafield ind1=" " ind2=" " tag="500"><subfield code="a">Published as: The Shore news and farmer, Mar. 16, 1989-Feb. 7, 1990.</subfield></datafield><datafield ind1=" " ind2=" " tag="500"><subfield code="a">Published for Preston, Md. and Federalsburg, Md.</subfield></datafield><datafield ind1=" " ind2="0" tag="650"><subfield code="a">Agriculture</subfield><subfield code="v">Periodicals.</subfield></datafield><datafield ind1=" " ind2="7" tag="655"><subfield code="a">Periodicals.</subfield><subfield code="2">fast</subfield><subfield code="0">(OCoLC)fst01411641</subfield></datafield><datafield ind1=" " ind2="7" tag="650"><subfield code="a">Agriculture.</subfield><subfield code="2">fast</subfield><subfield code="0">(OCoLC)fst00801355</subfield></datafield><datafield ind1=" " ind2=" " tag="752"><subfield code="a">United States</subfield><subfield code="b">Maryland</subfield><subfield code="c">Caroline</subfield><subfield code="d">Preston.</subfield></datafield><datafield ind1=" " ind2=" " tag="752"><subfield code="a">United States</subfield><subfield code="b">Maryland</subfield><subfield code="c">Caroline</subfield><subfield code="d">Federalsburg.</subfield></datafield><datafield ind1="0" ind2="0" tag="780"><subfield code="t">Preston news the bay country farmer</subfield><subfield code="w">(DLC)sn 83016222</subfield></datafield><datafield ind1=" " ind2=" " tag="936"><subfield code="a">INC</subfield><subfield code="a">June 4, 1981 (surrogate)</subfield></datafield></record>